<?xml version="1.0" encoding="UTF-8"?>
<marc:collection xmlns:marc="http://www.loc.gov/MARC21/slim" xmlns:xsi="http://www.w3.org/2001/XMLSchema-instance" xsi:schemaLocation="http://www.loc.gov/MARC21/slim http://www.loc.gov/standards/marcxml/schema/MARC21slim.xsd">
   <marc:record type="Bibliographic">
      <marc:leader>01936cam a2200325 a 4500</marc:leader>
      <marc:controlfield tag="001">2702633</marc:controlfield>
      <marc:controlfield tag="003">NjP</marc:controlfield>
      <marc:controlfield tag="005">20150109124452.0</marc:controlfield>
      <marc:controlfield tag="008">000126q18001899mr            000 0 ara d</marc:controlfield>
      <marc:datafield tag="024" ind1="7" ind2=" ">
         <marc:subfield code="a">princeton_aco000666</marc:subfield>
         <marc:subfield code="2">local</marc:subfield>
      </marc:datafield>
      <marc:datafield tag="035" ind1=" " ind2=" ">
         <marc:subfield code="a">(OCoLC)ocn178307759</marc:subfield>
      </marc:datafield>
      <marc:datafield tag="035" ind1=" " ind2=" ">
         <marc:subfield code="a">(OCoLC)178307759</marc:subfield>
      </marc:datafield>
      <marc:datafield tag="035" ind1=" " ind2=" ">
         <marc:subfield code="9">CMW5991TS</marc:subfield>
      </marc:datafield>
      <marc:datafield tag="035" ind1=" " ind2=" ">
         <marc:subfield code="a">(NjP)2702633</marc:subfield>
      </marc:datafield>
      <marc:datafield tag="040" ind1=" " ind2=" ">
         <marc:subfield code="a">NjP</marc:subfield>
         <marc:subfield code="c">PUL</marc:subfield>
         <marc:subfield code="d">PUL</marc:subfield>
      </marc:datafield>
      <marc:datafield tag="049" ind1=" " ind2=" ">
         <marc:subfield code="a">PULL</marc:subfield>
      </marc:datafield>
      <marc:datafield tag="079" ind1=" " ind2=" ">
         <marc:subfield code="a">ocn122868391</marc:subfield>
         <marc:subfield code="z">ocm80936316</marc:subfield>
      </marc:datafield>
      <marc:datafield tag="245" ind1="0" ind2="0">
         <marc:subfield code="6">880-01</marc:subfield>
         <marc:subfield code="a">Majmūʻ al-mutūn fīmā yudhkaru asfaluhu fī al-funūn wa-sāyara mā ishtamala ʻalayhi min al-mutūn.</marc:subfield>
      </marc:datafield>
      <marc:datafield tag="260" ind1=" " ind2=" ">
         <marc:subfield code="a">[Morocco? :</marc:subfield>
         <marc:subfield code="b">s.n.,</marc:subfield>
         <marc:subfield code="c">18--?]</marc:subfield>
      </marc:datafield>
      <marc:datafield tag="300" ind1=" " ind2=" ">
         <marc:subfield code="a">200 p. ;</marc:subfield>
         <marc:subfield code="c">26 cm.</marc:subfield>
      </marc:datafield>
      <marc:datafield tag="500" ind1=" " ind2=" ">
         <marc:subfield code="6">880-02</marc:subfield>
         <marc:subfield code="a">Ṣughrá al-Imām al-Sanūsī -- al-Murshid al-muʻīn -- Tuḥfat Ibn ʻĀṣim -- Lāmīyat al-Zaqqāq -- Naẓm al-ʻamal al-Fāsī -- Muqaddimat  Ibn Ajurrūm -- Alfīyat Ibn Mālik -- Lāmīyat al-afʻāl -- al-Jumal -- al-Silm -- al-Khazrajīyah -- al-Istiʻārah -- al-Muqniʻ -- Muthallath quṭrib -- Iṣṭilāḥ al-ḥadīth -- Manẓūmah fī atāy -- Hidāyat al-ṣibyān fī  tajwīd al-Qurʼān.</marc:subfield>
      </marc:datafield>
      <marc:datafield tag="650" ind1=" " ind2="0">
         <marc:subfield code="a">Islam.</marc:subfield>
      </marc:datafield>
      <marc:datafield tag="650" ind1=" " ind2="0">
         <marc:subfield code="a">Arabic language.</marc:subfield>
      </marc:datafield>
      <marc:datafield tag="655" ind1=" " ind2="7">
         <marc:subfield code="a">Lithographs</marc:subfield>
         <marc:subfield code="z">Morocco</marc:subfield>
         <marc:subfield code="2">gmgpc</marc:subfield>
      </marc:datafield>
      <marc:datafield tag="880" ind1="0" ind2="0">
         <marc:subfield code="6">245-01/r</marc:subfield>
         <marc:subfield code="a">مجموع المتون فيما يذكر اسفله في الفنون وساير ما اشتمل عليه من المتون.</marc:subfield>
      </marc:datafield>
      <marc:datafield tag="880" ind1=" " ind2=" ">
         <marc:subfield code="6">500-02/r</marc:subfield>
         <marc:subfield code="a">صغرى الامام السنوسي  المرشد المعين  تحفة ابن عاصم  لامية الزقاق  نظم العمل الفاسي  مقدمة  ابن اجروم  الفية ابن مالك  لامية الافعال  الجمل  السلم  الخزرجية  الاستعارة  المقنع  مثلث قطرب  اصطلاح الحديث  منظومة في اتاي  هداية الصبيان في  تجويد القرآن.</marc:subfield>
      </marc:datafield>
      <marc:datafield tag="856" ind1="4" ind2=" ">
         <marc:subfield code="u">http://hdl.handle.net/2027/njp.32101035012028</marc:subfield>
      </marc:datafield>
      <marc:datafield tag="948" ind1=" " ind2=" ">
         <marc:subfield code="a">jeb</marc:subfield>
      </marc:datafield>
      <marc:datafield tag="911" ind1=" " ind2=" ">
         <marc:subfield code="a">20000126</marc:subfield>
      </marc:datafield>
      <marc:datafield tag="912" ind1=" " ind2=" ">
         <marc:subfield code="a">20000126051354.0</marc:subfield>
      </marc:datafield>
      <marc:datafield tag="994" ind1=" " ind2=" ">
         <marc:subfield code="a">C0</marc:subfield>
         <marc:subfield code="b">PUL</marc:subfield>
      </marc:datafield>
      <marc:datafield tag="999" ind1=" " ind2=" ">
         <marc:subfield code="a">2702633</marc:subfield>
      </marc:datafield>
   </marc:record>
</marc:collection>
